@article{ertuugrul2018forecasting,
  title =        {Forecasting financial indicators by generalized
                  behavioral learning method},
  author =       {Ertu{\u{g}}rul, {\"O}mer Faruk and
                  Ta{\u{g}}luk, Mehmet Emin},
  journal =      {Soft Computing},
  volume =       22,
  number =       24,
  pages =        {8259--8272},
  year =         2018,
  publisher =    {Springer}
}

@article{moody2001learning,
  title =        {Learning to trade via direct reinforcement},
  author =       {Moody, John and Saffell, Matthew},
  journal =      {IEEE transactions on neural Networks},
  volume =       12,
  number =       4,
  pages =        {875--889},
  year =         2001,
  publisher =    {IEEE}
}

@article{deng2016deep,
  title =        {Deep direct reinforcement learning for
                  financial signal representation and trading},
  author =       {Deng, Yue and Bao, Feng and Kong, Youyong and
                  Ren, Zhiquan and Dai, Qionghai},
  journal =      {IEEE transactions on neural networks and
                  learning systems},
  volume =       28,
  number =       3,
  pages =        {653--664},
  year =         2016,
  publisher =    {IEEE}
}

@article{moody1998performance,
  title =        {Performance functions and reinforcement
                  learning for trading systems and portfolios},
  author =       {Moody, John and Wu, Lizhong and Liao, Yuansong
                  and Saffell, Matthew},
  journal =      {Journal of Forecasting},
  volume =       17,
  number =       {5-6},
  pages =        {441--470},
  year =         1998,
  publisher =    {Wiley Online Library}
}

@inproceedings{bachelier1900theorie,
  title =        {Th{\'e}orie de la sp{\'e}culation},
  author =       {Bachelier, Louis},
  booktitle =    {Annales scientifiques de l'{\'E}cole normale
                  sup{\'e}rieure},
  volume =       17,
  pages =        {21--86},
  year =         1900
}

@article{friedman1953methodology,
  title =        {The methodology of positive economics},
  author =       {Friedman, Milton},
  journal =      {Essays in positive economics},
  volume =       3,
  number =       3,
  pages =        {145--178},
  year =         1953,
  publisher =    {Chicago}
}

@article{jegadeesh1993returns,
  title =        {Returns to buying winners and selling losers:
                  Implications for stock market efficiency},
  author =       {Jegadeesh, Narasimhan and Titman, Sheridan},
  journal =      {The Journal of finance},
  volume =       48,
  number =       1,
  pages =        {65--91},
  year =         1993,
  publisher =    {Wiley Online Library}
}

@misc{shiller1980stock,
  title =        {Do stock prices move too much to be justified
                  by subsequent changes in dividends?},
  author =       {Shiller, Robert J},
  year =         1980,
  publisher =    {National Bureau of Economic Research Cambridge,
                  Mass., USA}
}

@article{sharpe1964capital,
  title =        {Capital asset prices: A theory of market
                  equilibrium under conditions of risk},
  author =       {Sharpe, William F},
  journal =      {The journal of finance},
  volume =       19,
  number =       3,
  pages =        {425--442},
  year =         1964,
  publisher =    {Wiley Online Library}
}

@article{carhart1997persistence,
  title =        {On persistence in mutual fund performance},
  author =       {Carhart, Mark M},
  journal =      {The Journal of finance},
  volume =       52,
  number =       1,
  pages =        {57--82},
  year =         1997,
  publisher =    {Wiley Online Library}
}

@article{sargent1993bounded,
  title =        {Bounded rationality in macroeconomics: The Arne
                  Ryde memorial lectures},
  author =       {Sargent, Thomas J and others},
  journal =      {OUP Catalogue},
  year =         1993,
  publisher =    {Oxford University Press}
}

@inproceedings{belkacem1995generalized,
  title =        {Generalized Market Equilibrium:" Stable" CAPM},
  author =       {Belkacem, Lotfi and V{\'e}hel, Jacques L{\'e}vy
                  and Walter, Christian},
  year =         1995
}

@article{phillips1996robust,
  title =        {Robust tests of forward exchange market
                  efficiency with empirical evidence from the
                  1920s},
  author =       {Phillips, Peter CB and McFarland, James W and
                  McMahon, Patrick C},
  journal =      {Journal of Applied Econometrics},
  volume =       11,
  number =       1,
  pages =        {1--22},
  year =         1996,
  publisher =    {Wiley Online Library}
}

@inproceedings{li2019multi,
  title =        {Multi-task recurrent neural networks and
                  higher-order Markov random fields for stock
                  price movement prediction: Multi-task RNN and
                  higer-order MRFs for stock price
                  classification},
  author =       {Li, Chang and Song, Dongjin and Tao, Dacheng},
  booktitle =    {Proceedings of the 25th ACM SIGKDD
                  International Conference on Knowledge Discovery
                  \& Data Mining},
  pages =        {1141--1151},
  year =         2019
}
%misc
% long tail

@InProceedings{Ouyang_2016_CVPR,
  author =       {Ouyang, Wanli and Wang, Xiaogang and Zhang,
                  Cong and Yang, Xiaokang},
  title =        {Factors in Finetuning Deep Model for Object
                  Detection With Long-Tail Distribution},
  booktitle =    {The IEEE Conference on Computer Vision and
                  Pattern Recognition (CVPR)},
  month =        {June},
  year =         2016
}

@inproceedings{chen2010measuring,
  title =        {Measuring of value at risk (VAR) on emerging
                  stock markets by neural networks method},
  author =       {Chen, Cheng-Te and Hsieh, Chin-Shan},
  booktitle =    {2010 International Symposium on Computer,
                  Communication, Control and Automation (3CA)},
  volume =       2,
  pages =        {137--140},
  year =         2010,
  organization = {IEEE}
}

@article{vukovic2015robust,
  title =        {Robust sequential learning of feedforward
                  neural networks in the presence of heavy-tailed
                  noise},
  author =       {Vukovi{\'c}, Najdan and Miljkovi{\'c}, Zoran},
  journal =      {Neural Networks},
  volume =       63,
  pages =        {31--47},
  year =         2015,
  publisher =    {Elsevier}
}

@article{engle1982autoregressive,
  title =        {Autoregressive conditional heteroscedasticity
                  with estimates of the variance of United
                  Kingdom inflation},
  author =       {Engle, Robert F},
  journal =      {Econometrica: Journal of the Econometric
                  Society},
  pages =        {987--1007},
  year =         1982,
  publisher =    {JSTOR}
}

@article{bollerslev1986generalized,
  title =        {Generalized autoregressive conditional
                  heteroskedasticity},
  author =       {Bollerslev, Tim},
  journal =      {Journal of econometrics},
  volume =       31,
  number =       3,
  pages =        {307--327},
  year =         1986,
  publisher =    {Elsevier}
}

@article{koedijk1992tail,
  title =        {Tail estimates of East European exchange rates},
  author =       {Koedijk, Kees G and Kool, Clemens JM},
  journal =      {Journal of Business \& Economic Statistics},
  volume =       10,
  number =       1,
  pages =        {83--96},
  year =         1992,
  publisher =    {Taylor \& Francis Group}
}

@inproceedings{vaswani2017attention,
  title =        {Attention is all you need},
  author =       {Vaswani, Ashish and Shazeer, Noam and Parmar,
                  Niki and Uszkoreit, Jakob and Jones, Llion and
                  Gomez, Aidan N and Kaiser, {\L}ukasz and
                  Polosukhin, Illia},
  booktitle =    {Advances in Neural Information Processing
                  Systems},
  pages =        {5998--6008},
  year =         2017
}

@article{devlin2018bert,
  title =        {Bert: Pre-training of deep bidirectional
                  transformers for language understanding},
  author =       {Devlin, Jacob and Chang, Ming-Wei and Lee,
                  Kenton and Toutanova, Kristina},
  journal =      {arXiv preprint arXiv:1810.04805},
  year =         2018
}

@article{gers1999learning,
  title =        {Learning to forget: Continual prediction with
                  LSTM},
  author =       {Gers, Felix A and Schmidhuber, J{\"u}rgen and
                  Cummins, Fred},
  year =         1999,
  publisher =    {IET}
}

@book{ross1996stochastic,
  title =        {Stochastic processes},
  author =       {Ross, Sheldon M and Kelly, John J and Sullivan,
                  Roger J and Perry, William James and Mercer,
                  Donald and Davis, Ruth M and Washburn, Thomas
                  Dell and Sager, Earl V and Boyce, Joseph B and
                  Bristow, Vincent L},
  volume =       2,
  year =         1996,
  publisher =    {Wiley New York}
}

@article{lu2017agent,
  title =        {Agent inspired trading using recurrent
                  reinforcement learning and lstm neural
                  networks},
  author =       {Lu, David W},
  journal =      {arXiv preprint arXiv:1707.07338},
  year =         2017
}

@article{huang2018financial,
  title =        {Financial trading as a game: A deep
                  reinforcement learning approach},
  author =       {Huang, Chien Yi},
  journal =      {arXiv preprint arXiv:1807.02787},
  year =         2018
}

@article{carapucco2018reinforcement,
  title =        {Reinforcement learning applied to Forex
                  trading},
  author =       {Carapu{\c{c}}o, Jo{\~a}o and Neves, Rui and
                  Horta, Nuno},
  journal =      {Applied Soft Computing},
  volume =       73,
  pages =        {783--794},
  year =         2018,
  publisher =    {Elsevier}
}

@book{gueant2016financial,
  title =        {The Financial Mathematics of Market Liquidity:
                  From optimal execution to market making},
  author =       {Gu{\'e}ant, Olivier},
  year =         2016,
  publisher =    {Chapman and Hall/CRC}
}

@article{sortino1994performance,
  title =        {Performance measurement in a downside risk
                  framework},
  author =       {Sortino, Frank A and Price, Lee N},
  journal =      {the Journal of Investing},
  volume =       3,
  number =       3,
  pages =        {59--64},
  year =         1994,
  publisher =    {Institutional Investor Journals Umbrella}
}

@book{bishop2006pattern,
  title =        {Pattern recognition and machine learning},
  author =       {Bishop, Christopher M},
  year =         2006,
  publisher =    {springer}
}

@article{puterman2014markov,
  title =        {Markov Decision Processes: Discrete Stochastic
                  Dynamic Programming},
  author =       {Puterman, Martin L},
  year =         1994,
  publisher =    {John Wiley \& Sons, Inc.}
}

@article{forney1973viterbi,
  title =        {The viterbi algorithm},
  author =       {Forney, G David},
  journal =      {Proceedings of the IEEE},
  volume =       61,
  number =       3,
  pages =        {268--278},
  year =         1973,
  publisher =    {IEEE}
}

@article{hoffman2013stochastic,
  title =        {Stochastic variational inference},
  author =       {Hoffman, Matthew D and Blei, David M and Wang,
                  Chong and Paisley, John},
  journal =      {The Journal of Machine Learning Research},
  volume =       14,
  number =       1,
  pages =        {1303--1347},
  year =         2013,
  publisher =    {JMLR. org}
}

@book{koller2009probabilistic,
  title =        {Probabilistic graphical models: principles and
                  techniques},
  author =       {Koller, Daphne and Friedman, Nir},
  year =         2009,
  publisher =    {MIT press}
}

@article{mnih2015human,
  title =        {Human-level control through deep reinforcement
                  learning},
  author =       {Mnih, Volodymyr and Kavukcuoglu, Koray and
                  Silver, David and Rusu, Andrei A and Veness,
                  Joel and Bellemare, Marc G and Graves, Alex and
                  Riedmiller, Martin and Fidjeland, Andreas K and
                  Ostrovski, Georg and others},
  journal =      {Nature},
  volume =       518,
  number =       7540,
  pages =        {529--533},
  year =         2015,
  publisher =    {Nature Publishing Group}
}

@article{silver2016mastering,
  title =        {Mastering the game of Go with deep neural
                  networks and tree search},
  author =       {Silver, David and Huang, Aja and Maddison,
                  Chris J and Guez, Arthur and Sifre, Laurent and
                  Van Den Driessche, George and Schrittwieser,
                  Julian and Antonoglou, Ioannis and
                  Panneershelvam, Veda and Lanctot, Marc and
                  others},
  journal =      {Nature},
  volume =       529,
  number =       7587,
  pages =        {484--489},
  year =         2016,
  publisher =    {Nature Publishing Group}
}

@article{haarnoja2018soft,
  title =        {Soft actor-critic: Off-policy maximum entropy
                  deep reinforcement learning with a stochastic
                  actor},
  author =       {Haarnoja, Tuomas and Zhou, Aurick and Abbeel,
                  Pieter and Levine, Sergey},
  journal =      {arXiv preprint arXiv:1801.01290},
  year =         2018
}

@article{brockman2016openai,
  title =        {Openai gym},
  author =       {Brockman, Greg and Cheung, Vicki and
                  Pettersson, Ludwig and Schneider, Jonas and
                  Schulman, John and Tang, Jie and Zaremba,
                  Wojciech},
  journal =      {arXiv preprint arXiv:1606.01540},
  year =         2016
}

@inproceedings{smith2018inference,
  title =        {An inference-based policy gradient method for
                  learning options},
  author =       {Smith, Matthew and Hoof, Herke and Pineau,
                  Joelle},
  booktitle =    {International Conference on Machine Learning},
  pages =        {4703--4712},
  year =         2018
}
