% ---------------------------------------------------------------------------------------
% String Definitions (Long) -------------------------------------------------------------
% ---------------------------------------------------------------------------------------

@string{AISTATS = {Proc.~of the International Conference on Artificial Intelligence and Statistics ({AISTATS})}}
@string{BMVC    = {Proc.~of the British Machine Vision Conference ({BMVC})}}
@string{CAI     = {Proc.~of the Conference on Artificial Intelligence ({CAI})}}
@string{CVPR    = {CVPR}}
@string{ECCV    = {Proc.~of the European Conference on Computer Vision ({ECCV})}}
@string{ECCLT   = {Proc.~of the European Conference on Computational Learning Theory ({ECCLT})}}
@string{EMMCVPR = {International Workshop on Energy Minimization Methods in Computer Vision and Pattern Recognition ({EMMCVPR})}}
@string{EMNLP   = {Proc.~of Empirical Methods in Natural Language Processing ({EMNLP})}}
@string{FOCS    = {Foundations of Computer Science ({FOCS})}}
@string{ICCV    = {ICCV}}
@string{ICML    = {ICML}}
@string{ICRA    = {Proc.~of the International Conference on Robotics and Automation ({ICRA})}}
@string{IEEEIT  = {{IEEE} Trans.~on Info.~Theory}}
@string{IJCAI   = {IJCAI}}
@string{IJCV    = {IJCV}}
@string{ISRR    = {International Symposium on Robotics Research ({ISRR})}}
@string{JAIR    = {Journal of Artificial Intelligence Research ({JAIR})}}
@string{JMLR    = {JMLR}}
@string{MCCAP   = {{ACM} Trans.~on Multimedia Computing, Communications, and Applications ({TOMCCAP})}}
@string{NIPS    = {NIPS}}
@string{PAMI    = {PAMI}}
@string{RSS     = {Proc.~of Robotics: Science and Systems ({RSS})}}
@string{SIGGRAPH = {Proc.~of the Intl. Conf. on Computer Graphics and Interactive Techniques ({SIGGRAPH})}}
@string{UAI     = {Proc.~of the Uncertainty in Artificial Intelligence ({UAI})}}
