@inproceedings{sabour2017dynamic,
  title={Dynamic routing between capsules},
  author={Sabour, Sara and Frosst, Nicholas and Hinton, Geoffrey E},
  booktitle={Advances in Neural Information Processing Systems},
  pages={3856--3866},
  year={2017}
}
@inproceedings{kosiorek2019stacked,
  title={Stacked capsule autoencoders},
  author={Kosiorek, Adam and Sabour, Sara and Teh, Yee Whye and Hinton, Geoffrey E},
  booktitle={Advances in Neural Information Processing Systems},
  pages={15512--15522},
  year={2019}
}
@inproceedings{mikolov2013distributed,
  title={Distributed representations of words and phrases and their compositionality},
  author={Mikolov, Tomas and Sutskever, Ilya and Chen, Kai and Corrado, Greg S and Dean, Jeff},
  booktitle={Advances in neural information processing systems},
  pages={3111--3119},
  year={2013}
}
@inproceedings{riemer2018learning,
  title={Learning abstract options},
  author={Riemer, Matthew and Liu, Miao and Tesauro, Gerald},
  booktitle={Advances in Neural Information Processing Systems},
  pages={10424--10434},
  year={2018}
}
@inproceedings{sutskever2014sequence,
  title={Sequence to sequence learning with neural networks},
  author={Sutskever, Ilya and Vinyals, Oriol and Le, Quoc V},
  booktitle={Advances in neural information processing systems},
  pages={3104--3112},
  year={2014}
}
@phdthesis{bacon2018temporal,
  title={Temporal Representation Learning},
  author={Bacon, Pierre-Luc},
  year={2018},
  school={McGill University Libraries}
}
@inproceedings{lee2019set,
  title={Set transformer: A framework for attention-based permutation-invariant neural networks},
  author={Lee, Juho and Lee, Yoonho and Kim, Jungtaek and Kosiorek, Adam and Choi, Seungjin and Teh, Yee Whye},
  booktitle={International Conference on Machine Learning},
  pages={3744--3753},
  year={2019}
}

@inproceedings{doshi2016hidden,
  title={Hidden parameter markov decision processes: A semiparametric regression approach for discovering latent task parametrizations},
  author={Doshi-Velez, Finale and Konidaris, George},
  booktitle={IJCAI: proceedings of the conference},
  volume={2016},
  pages={1432},
  year={2016},
  organization={NIH Public Access}
}
@inproceedings{killian2017robust,
  title={Robust and efficient transfer learning with hidden parameter markov decision processes},
  author={Killian, Taylor W and Daulton, Samuel and Konidaris, George and Doshi-Velez, Finale},
  booktitle={Advances in Neural Information Processing Systems},
  pages={6250--6261},
  year={2017}
}
@article{perez2020generalized,
  title={Generalized Hidden Parameter MDPs Transferable Model-based RL in a Handful of Trials},
  author={Perez, Christian F and Such, Felipe Petroski and Karaletsos, Theofanis},
  journal={arXiv preprint arXiv:2002.03072},
  year={2020}
}
@article{gupta2019relay,
  title={Relay Policy Learning: Solving Long-Horizon Tasks via Imitation and Reinforcement Learning},
  author={Gupta, Abhishek and Kumar, Vikash and Lynch, Corey and Levine, Sergey and Hausman, Karol},
  journal={arXiv preprint arXiv:1910.11956},
  year={2019}
}
@inproceedings{rakelly2019efficient,
  title={Efficient off-policy meta-reinforcement learning via probabilistic context variables},
  author={Rakelly, Kate and Zhou, Aurick and Finn, Chelsea and Levine, Sergey and Quillen, Deirdre},
  booktitle={International Conference on Machine Learning},
  pages={5331--5340},
  year={2019}
}
@inproceedings{hausman2018learning,
  title={Learning an embedding space for transferable robot skills},
  author={Hausman, Karol and Springenberg, Jost Tobias and Wang, Ziyu and Heess, Nicolas and Riedmiller, Martin},
  booktitle={International Conference on Learning Representations},
  year={2018}
}
@article{tirumala2019exploiting,
  title={Exploiting hierarchy for learning and transfer in kl-regularized rl},
  author={Tirumala, Dhruva and Noh, Hyeonwoo and Galashov, Alexandre and Hasenclever, Leonard and Ahuja, Arun and Wayne, Greg and Pascanu, Razvan and Teh, Yee Whye and Heess, Nicolas},
  journal={arXiv preprint arXiv:1903.07438},
  year={2019}
}
@article{abdolmaleki2018maximum,
  title={Maximum a posteriori policy optimisation},
  author={Abdolmaleki, Abbas and Springenberg, Jost Tobias and Tassa, Yuval and Munos, Remi and Heess, Nicolas and Riedmiller, Martin},
  journal={arXiv preprint arXiv:1806.06920},
  year={2018}
}
@article{wulfmeier2019compositional,
  title={Compositional Transfer in Hierarchical Reinforcement Learning},
  author={Wulfmeier, Markus and Abdolmaleki, Abbas and Hafner, Roland and Springenberg, Jost Tobias and Neunert, Michael and Hertweck, Tim and Lampe, Thomas and Siegel, Noah and Heess, Nicolas and Riedmiller, Martin},
  year={2019}
}
@article{wulfmeier2020data,
  title={Data-efficient Hindsight Off-policy Option Learning},
  author={Wulfmeier, Markus and Rao, Dushyant and Hafner, Roland and Lampe, Thomas and Abdolmaleki, Abbas and Hertweck, Tim and Neunert, Michael and Tirumala, Dhruva and Siegel, Noah and Heess, Nicolas and others},
  journal={arXiv preprint arXiv:2007.15588},
  year={2020}
}
@article{whitney2019dynamics,
  title={Dynamics-aware Embeddings},
  author={Whitney, William and Agarwal, Rajat and Cho, Kyunghyun and Gupta, Abhinav},
  journal={arXiv preprint arXiv:1908.09357},
  year={2019}
}
@misc{tassa2020dmcontrol,
    title={dmcontrol: Software and Tasks for Continuous Control},
    author={Yuval Tassa and Saran Tunyasuvunakool and Alistair Muldal and
            Yotam Doron and Siqi Liu and Steven Bohez and Josh Merel and
            Tom Erez and Timothy Lillicrap and Nicolas Heess},
    year={2020},
    eprint={2006.12983},
    archivePrefix={arXiv},
    primaryClass={cs.RO}
}